<?xml version="1.0" encoding="UTF-8"?><collection xmlns="http://www.loc.gov/MARC21/slim"><record><leader>00492nam--2200133-i-4500</leader><controlfield tag="001">000013769</controlfield><controlfield tag="002">20161230</controlfield><controlfield tag="005">20161230201030</controlfield><controlfield tag="008">060222s1000------------r-----000-0-eng-d</controlfield><datafield ind1=" " ind2=" " tag="100"><subfield code="a">Schafer, L., Wassilew, C.And Closs, K.D</subfield></datafield><datafield ind1=" " ind2=" " tag="245"><subfield code="a">Das zeitstandverhalten von rohren aus dem aust enitischen stahl x 10 nicrmo tib 15 15 (werkst off - nr.1.4970) bei belastung mit innendruck im reaktor</subfield></datafield><datafield ind1=" " ind2=" " tag="260"><subfield code="a">Karlsruhe, Kernforschungszentrum, 1979</subfield></datafield><datafield ind1=" " ind2=" " tag="490"><subfield code="a">14 P. + 7 Abb</subfield></datafield><datafield ind1=" " ind2=" " tag="852"><subfield code="a">621.039.531(047.3)</subfield></datafield></record></collection>